<record><leader>00000cas a2200000 a 4500</leader><controlfield tag="001">13544189</controlfield><controlfield tag="008">860508d18uu182upauwr ne      0    0eng c</controlfield><datafield ind1=" " ind2=" " tag="010"><subfield code="a">sn 86053359 </subfield></datafield><datafield ind1=" " ind2=" " tag="040"><subfield code="a">NPX</subfield><subfield code="b">eng</subfield><subfield code="c">NPX</subfield><subfield code="d">NPH</subfield><subfield code="d">NVF</subfield><subfield code="d">OCLCQ</subfield><subfield code="d">OCLCF</subfield><subfield code="d">OCLCO</subfield></datafield><datafield ind1="1" ind2=" " tag="029"><subfield code="a">AU@</subfield><subfield code="b">000024903429</subfield></datafield><datafield ind1=" " ind2=" " tag="042"><subfield code="a">pcc</subfield></datafield><datafield ind1=" " ind2=" " tag="043"><subfield code="a">n-us-pa</subfield></datafield><datafield ind1="0" ind2="4" tag="245"><subfield code="a">The post-boy, or Delaware County union.</subfield></datafield><datafield ind1="1" ind2=" " tag="246"><subfield code="i">Published &lt;Dec. 3, 1822&gt; as:</subfield><subfield code="a">Post-boy oe Delaware County union</subfield></datafield><datafield ind1="3" ind2="0" tag="246"><subfield code="a">Delaware County union</subfield></datafield><datafield ind1=" " ind2=" " tag="260"><subfield code="a">Chester, Pa. :</subfield><subfield code="b">Butler &amp; Worthington</subfield></datafield><datafield ind1=" " ind2=" " tag="300"><subfield code="a">v.</subfield></datafield><datafield ind1=" " ind2=" " tag="310"><subfield code="a">Weekly</subfield></datafield><datafield ind1=" " ind2=" " tag="515"><subfield code="a">Issue for &lt;Dec. 3, 1822&gt; called also &lt;whole no. 160&gt;.</subfield></datafield><datafield ind1=" " ind2=" " tag="588"><subfield code="a">Description based on: Vol. 4, no. 4 (Dec. 3, 1822).</subfield></datafield><datafield ind1=" " ind2="0" tag="651"><subfield code="a">Chester (Pa.)</subfield><subfield code="v">Newspapers.</subfield></datafield><datafield ind1=" " ind2="7" tag="655"><subfield code="a">Newspapers.</subfield><subfield code="2">fast</subfield><subfield code="0">(OCoLC)fst01423814</subfield></datafield><datafield ind1=" " ind2="7" tag="651"><subfield code="a">Pennsylvania</subfield><subfield code="z">Chester.</subfield><subfield code="2">fast</subfield><subfield code="0">(OCoLC)fst01215693</subfield></datafield><datafield ind1=" " ind2=" " tag="752"><subfield code="a">United States</subfield><subfield code="b">Pennsylvania</subfield><subfield code="c">Delaware</subfield><subfield code="d">Chester.</subfield></datafield><datafield ind1="0" ind2="0" tag="785"><subfield code="t">Upland union, or Delaware County advertiser</subfield><subfield code="w">(DLC)sn 88079316</subfield></datafield></record>